%YAML 1.1
%TAG !u! tag:unity3d.com,2011:
--- !u!1 &59149281745486742
GameObject:
  m_ObjectHideFlags: 0
  m_CorrespondingSourceObject: {fileID: 0}
  m_PrefabInstance: {fileID: 0}
  m_PrefabAsset: {fileID: 0}
  serializedVersion: 6
  m_Component:
  - component: {fileID: 8285574084152700147}
  m_Layer: 0
  m_Name: GameObject
  m_TagString: Untagged
  m_Icon: {fileID: 0}
  m_NavMeshLayer: 0
  m_StaticEditorFlags: 0
  m_IsActive: 1
--- !u!4 &8285574084152700147
Transform:
  m_ObjectHideFlags: 0
  m_CorrespondingSourceObject: {fileID: 0}
  m_PrefabInstance: {fileID: 0}
  m_PrefabAsset: {fileID: 0}
  m_GameObject: {fileID: 59149281745486742}
  m_LocalRotation: {x: 0, y: 0, z: 0, w: 1}
  m_LocalPosition: {x: 0, y: 0, z: -2}
  m_LocalScale: {x: 1, y: 1, z: 1}
  m_Children: []
  m_Father: {fileID: 7927422421636061813}
  m_RootOrder: 0
  m_LocalEulerAnglesHint: {x: 0, y: 0, z: 0}
--- !u!1 &7927422421636061817
GameObject:
  m_ObjectHideFlags: 0
  m_CorrespondingSourceObject: {fileID: 0}
  m_PrefabInstance: {fileID: 0}
  m_PrefabAsset: {fileID: 0}
  serializedVersion: 6
  m_Component:
  - component: {fileID: 7927422421636061813}
  - component: {fileID: 7927422421636061808}
  - component: {fileID: 7927422421636061814}
  - component: {fileID: 7927422421636061818}
  - component: {fileID: 1169934572}
  m_Layer: 0
  m_Name: BluePlayerSimulation
  m_TagString: Untagged
  m_Icon: {fileID: 0}
  m_NavMeshLayer: 0
  m_StaticEditorFlags: 0
  m_IsActive: 0
--- !u!4 &7927422421636061813
Transform:
  m_ObjectHideFlags: 0
  m_CorrespondingSourceObject: {fileID: 0}
  m_PrefabInstance: {fileID: 0}
  m_PrefabAsset: {fileID: 0}
  m_GameObject: {fileID: 7927422421636061817}
  m_LocalRotation: {x: 0, y: 0, z: 0, w: 1}
  m_LocalPosition: {x: 0, y: -52.64, z: 0}
  m_LocalScale: {x: 0.5, y: 0.5, z: 0.5}
  m_Children:
  - {fileID: 8285574084152700147}
  m_Father: {fileID: 0}
  m_RootOrder: 0
  m_LocalEulerAnglesHint: {x: 0, y: 0, z: 0}
--- !u!54 &7927422421636061808
Rigidbody:
  m_ObjectHideFlags: 0
  m_CorrespondingSourceObject: {fileID: 0}
  m_PrefabInstance: {fileID: 0}
  m_PrefabAsset: {fileID: 0}
  m_GameObject: {fileID: 7927422421636061817}
  serializedVersion: 2
  m_Mass: 1
  m_Drag: 0
  m_AngularDrag: 2
  m_UseGravity: 0
  m_IsKinematic: 0
  m_Interpolate: 0
  m_Constraints: 0
  m_CollisionDetection: 1
--- !u!114 &7927422421636061814
MonoBehaviour:
  m_ObjectHideFlags: 0
  m_CorrespondingSourceObject: {fileID: 0}
  m_PrefabInstance: {fileID: 0}
  m_PrefabAsset: {fileID: 0}
  m_GameObject: {fileID: 7927422421636061817}
  m_Enabled: 1
  m_EditorHideFlags: 0
  m_Script: {fileID: 11500000, guid: cc7d292c167d7ab48bf655fdab9d5adc, type: 3}
  m_Name: 
  m_EditorClassIdentifier: 
  CurrentMaxSpeedRate: 0
  PlayerNumber: 1
  m_floatDistance: 1
  m_floatRaycastSpreadAngle: 40
  m_fallRate: 10
  m_liftRate: 70
  m_startMaxSpeedRate: 0.4
  m_maxSpeed: 20
  m_acceleration: 4
  m_turnPower: 6
  m_minTurnRate: 40
  m_maxTurnRate: 120
  m_rotationLerpRate: 4
  m_joystickDeadzone: 0.05
  m_playerColor: 1
  m_currentSpeedRate: 0
  m_currentRotateRate: 0
--- !u!136 &7927422421636061818
CapsuleCollider:
  m_ObjectHideFlags: 0
  m_CorrespondingSourceObject: {fileID: 0}
  m_PrefabInstance: {fileID: 0}
  m_PrefabAsset: {fileID: 0}
  m_GameObject: {fileID: 7927422421636061817}
  m_Material: {fileID: 0}
  m_IsTrigger: 0
  m_Enabled: 1
  m_Radius: 0.5
  m_Height: 1.8
  m_Direction: 2
  m_Center: {x: 0, y: 0, z: 0.2}
--- !u!114 &1169934572
MonoBehaviour:
  m_ObjectHideFlags: 0
  m_CorrespondingSourceObject: {fileID: 0}
  m_PrefabInstance: {fileID: 0}
  m_PrefabAsset: {fileID: 0}
  m_GameObject: {fileID: 7927422421636061817}
  m_Enabled: 1
  m_EditorHideFlags: 0
  m_Script: {fileID: 11500000, guid: a11335116bc9b934b9e1d64fe87b0aa5, type: 3}
  m_Name: 
  m_EditorClassIdentifier: 
  poop: {fileID: 8741240057416684063, guid: f6c257565a4f8344896230da88154515, type: 3}
  poopSpeed: 0.1
  thisType: 2
  st: {fileID: 0}
  positiveInt: {fileID: 8020551707147298568, guid: 95626e112c1a43347889e2427e160637,
    type: 3}
  negativeInt: {fileID: 8253975403662485084, guid: ac3798fdf2ce7a14a8fec97c2fdae306,
    type: 3}
  cams:
  - {fileID: 0}
  - {fileID: 0}
  - {fileID: 0}
  myShield: {fileID: 0}
  myCamShake: {fileID: 0}
